@article{MitM,
  author = {Tomasz Andrzej Nidecki},
  title = {All about Man-in-the-Middle Attacks},
  journal = {Acunetix},
  year = 2019
}

@article{ARP_cache_poisoning,
  author = {Steve Gibson},
  title = {ARP Cache Poisoning},
  journal = {Gibson Research Corporation},
  year = 2005
}

@article{evil_twin_attack,
    author = {Remya Mohanan},
    title = {What Is an Evil Twin Attack? Definition, Detection, and Prevention Best Practices},
    journal = {spiceworks},
    year = 2024
}

@article{man_in_the_browser,
    author = {Shiran Grinberg},
    title = {Man-in-the-Browser Attacks},
    journal = {Cynet},
    year = {2020 (updated in 2025)}
}

@article{ssl_stats,
    author = {Jan Kopriva},
    title = {After 28 years, SSLv2 is still not gone from the internet... but we're getting there},
    journal = {Internet Storm Center},
    year = 2023
}

@article{terrapin-attack,
    author = {Fabian Bäumer, Marcus Brinkmann, Jörg Schwenk},
    title = {Terrapin Attack: Breaking SSH Channel Integrity By Sequence Number Manipulation},
    journal = {terrapin-attack.com},
    year = 2024
}   
%% https://terrapin-attack.com/TerrapinAttack.pdf %%


@article{ChaCha20-Poly1305-for-IETF-Protocols,
    author = {Yoav Nir, Adam Langley},
    title = {ChaCha20 and Poly1305 for IETF Protocols},
    journal = {RFC editor},
    year = 2018
}
%% https://www.rfc-editor.org/rfc/rfc8439 %%

@article{keystore-timing-attack,
    author = {Dawn Xiaodong Song, David Wagner, Xuqing Tian},
    title = {Timing Analysis of Keystrokes and Timing Attacks on SSH},
    journal = {University of California, Berkeley},
    year = 2001
}

@article{extension-server-sig-algs,
    author = {Denis Bider},
    title = {Extension Negotiation in the Secure Shell (SSH) Protocol},
    journal = {RFC editor},
    year = 2018
}
%% https://www.rfc-editor.org/rfc/rfc8308#section-3.1 %%


@article{tls-downgrade-1,
    author = {Ka Fun Tang, Ka Lok Wu, Sze Yiu Chau},
    title = {Investigating TLS Version Downgrade in Enterprise Software},
    journal = {CODASPY},
    year = 2024
}

@article{ssl-protocol-ver-3,
    author = {Alan O. Freier, Philip Karlton, Paul C. Kocher},
    title = {The Secure Sockets Layer (SSL) Protocol Version 3.0},
    journal = {RFC editor},
    year = 2011
}

@article{TLS-Fallback-Signaling-Cipher-Suite-Value,
    author = {Adam Langley, Bodo Moeller},
    title = {TLS Fallback Signaling Cipher Suite Value (SCSV) for Preventing Protocol Downgrade Attacks},
    journal = {RFC editor},
    year = 2015
}
%% https://www.rfc-editor.org/rfc/rfc7507 %%

@article{TLS-1.3-in-Practice,
    author = {Hyunwoo Lee, Doowon Kim, Yonghwi Kwon},
    title = {TLS 1.3 in Practice: How TLS 1.3 Contributes to the Internet},
    journal = {ACM Digital Library},
    year = 2021
}